<?xml version="1.0" encoding="UTF-8"?><collection xmlns="http://www.loc.gov/MARC21/slim"><record><leader>00417nam--2200145-i-4500</leader><controlfield tag="001">000032242</controlfield><controlfield tag="002">20161230</controlfield><controlfield tag="005">20161230201039</controlfield><controlfield tag="008">060222s1000------------r-----000-0-eng-d</controlfield><datafield ind1=" " ind2=" " tag="080"><subfield code="a">519.66:517.3(083.3)</subfield></datafield><datafield ind1=" " ind2=" " tag="100"><subfield code="a">Meyer, W</subfield></datafield><datafield ind1=" " ind2=" " tag="245"><subfield code="a">Integraltafeln sammlung unbestimmter integrale elementarer funktionen</subfield></datafield><datafield ind1=" " ind2=" " tag="260"><subfield code="a">Berlin, Springer-verlag, 1950, 292p</subfield></datafield><datafield ind1=" " ind2=" " tag="852"><subfield code="a">75476</subfield><subfield code="c">517.2/3</subfield></datafield><datafield ind1=" " ind2=" " tag="CAT"><subfield code="a">Sys</subfield><subfield code="c">20080722</subfield><subfield code="h">092907</subfield></datafield></record></collection>